0308        200012       14101bigbrother              viremen                   E     503102313033                                                   1212       
0608        200012un test     littlebrother           credit agricole ile de f        500116565329000 0000000000010000*un peu d'argent               6335       
0808        200012                                                                                    0000000000010000                                          
