0302        200012       14101bigbrother              viremen                   E     503102313033                                                   1212       
0802        200012                                                                                    0000000000000000                                          
