0302        200012       14101bigbrother              viremen                   E     503102313033                                                   1212       
0602        200012un test     littlebrother           credit agricole ile de f        500116565329000 0000000000010000*un peu d'argent               6335       
0802        200012                                                                                    0000000000010000                                          
